<?xml version="1.0" encoding="UTF-8"?><collection xmlns="http://www.loc.gov/MARC21/slim"><record><leader>00688nam--2200193-i-4500</leader><controlfield tag="001">000015452</controlfield><controlfield tag="002">20161230</controlfield><controlfield tag="005">20161230201031</controlfield><controlfield tag="008">060222s1000------------r-----000-0-eng-d</controlfield><datafield ind1=" " ind2=" " tag="040"><subfield code="a">IFIN-HH</subfield></datafield><datafield ind1=" " ind2=" " tag="080"><subfield code="a">530.183(061.3)</subfield></datafield><datafield ind1="1" ind2=" " tag="100"><subfield code="a">Iooss, Gerard</subfield></datafield><datafield ind1="1" ind2="0" tag="245"><subfield code="a">Comportreent chaotique des systemes deterministes. chaotic behaviour of deterministic systems les houches session xxxvi 29 juin-31 juillet 1981</subfield><subfield code="c">Gerard iooss, robert h.g. helleman, raymond stora (eds.)</subfield></datafield><datafield ind1=" " ind2=" " tag="260"><subfield code="a">Amsterdam</subfield><subfield code="b">North-holland Publishing Company</subfield><subfield code="c">1983</subfield></datafield><datafield ind1=" " ind2=" " tag="300"><subfield code="a">XIV + 708 P</subfield></datafield><datafield ind1=" " ind2=" " tag="490"><subfield code="a">Les Houches, Session Xxxvi</subfield></datafield><datafield ind1="1" ind2=" " tag="700"><subfield code="a">Stora, Raymond</subfield><subfield code="e">Ed</subfield></datafield><datafield ind1=" " ind2=" " tag="852"><subfield code="a">72654</subfield><subfield code="c">53</subfield></datafield><datafield ind1=" " ind2=" " tag="CAT"><subfield code="a">Sys</subfield><subfield code="c">20150807</subfield><subfield code="h">105202</subfield></datafield></record></collection>